@inproceedings{AmCrMo,
  author    = {S. J. Ambler and
               Roy L. Crole and
               Alberto Momigliano},
  title     = {A definitional approach to primitivexs recursion over higher
               order abstract syntax},
  booktitle = {MERLIN},
  publisher = {ACM},
  year      = {2003},
}

@article{Avigad04,
  author    = {Jeremy Avigad},
  title     = {Forcing in proof theory},
  journal   = {Bulletin of Symbolic Logic},
  volume    = {10},
  number    = {3},
  year      = {2004},
  pages     = {305-333},
}

@inproceedings{poplmark,
  author    = {Brian E. Aydemir and
               Aaron Bohannon and
               Matthew Fairbairn and
               J. Nathan Foster and
               Benjamin C. Pierce and
               Peter Sewell and
               Dimitrios Vytiniotis and
               Geoffrey Washburn and
               Stephanie Weirich and
               Steve Zdancewic},
  title     = {Mechanized Metatheory for the Masses: The PoplMark Challenge},
  booktitle = {TPHOLs},
  year      = {2005},
  pages     = {50-65},
  publisher = {Springer},
  series    = {Lecture Notes in Computer Science},
  volume    = {3603},
}

@INPROCEEDINGS{engineering,
  author    = {Brian E. Aydemir and
               Arthur Chargu{\'e}raud and
               Benjamin C. Pierce and
               Randy Pollack and
               Stephanie Weirich},
  title     = {Engineering formal metatheory},
  booktitle = {POPL},
  year      = {2008},
  pages     = {3-15},
  publisher = {ACM Press},
}

@book{barendregt, 
  author = {Hendrik P. Barendregt}, 
  title = {The Lambda Calculus, Its Syntax and Semantics}, 
  series = {Studies in Logic and the Foundations of Mathematics}, 
  volume = {103}, 
  publisher = {North-Holland},
  year = {1984},
} 

@inproceedings{Barras96,
  author    = {Bruno Barras},
  title     = {Verification of the Interface of a Small Proof System in
               Coq},
  year      = {1996},
  pages     = {28-45},
  editor    = {Eduardo Gim{\'e}nez and
               Christine Paulin-Mohring},
  booktitle = {Types for Proofs and Programs, International Workshop TYPES'96,
               Aussois, France, December 15-19, 1996, Selected Papers},
  publisher = {Springer},
  series    = {Lecture Notes in Computer Science},
  volume    = {1512},
  isbn      = {3-540-65137-3},
}

@book{church96,
  title={Introduction to mathematical logic},
  author={Alonzo Church},
  year={1996},
  publisher={Princeton University Press},
  note={(First published in 1944 in the \textit{Annals of Mathematics Studies})}
}
                  



@Book{,
  ALTauthor = 	 {},
  ALTeditor = 	 {},
  title = 	 {},
  publisher = 	 {},
  year = 	 {},
  OPTkey = 	 {},
  OPTvolume = 	 {},
  OPTnumber = 	 {},
  OPTseries = 	 {},
  OPTaddress = 	 {},
  OPTedition = 	 {},
  OPTmonth = 	 {},
  OPTnote = 	 {},
  OPTannote = 	 {}
}

@Manual{coq-reference,
  title = 	 {{The Coq Proof Assistant Reference Manual}},
  author = 	 {{Coq Development Team}},
  address = 	 {Available at \url{http://coq.inria.fr}}
}

@inproceedings{nbe,
  author    = {Ulrich Berger and
               Helmut Schwichtenberg},
  title     = {An Inverse of the Evaluation Functional for Typed lambda-calculus},
  booktitle = {LICS},
  pages     = {203-211},
  publisher = {IEEE Computer Society},
  year      = {1991},
}

@inproceedings{nbe98,
  author    = {Ulrich Berger and
               Matthias Eberl and
               Helmut Schwichtenberg},
  title     = {{Normalisation by Evaluation}},
  booktitle = {Prospects for Hardware Foundations},
  year      = {1998},
  pages     = {117-137},
  publisher = {Springer},
  series    = {Lecture Notes in Computer Science},
  volume    = {1546},
}

@book{coq,
  author = {Yves Bertot and Pierre Cast{\'e}ran}, 
  title = {Interactive {T}heorem {P}roving and {P}rogram {D}evelopment {\small({C}oq'{A}rt: {T}he {C}alculus of {I}nductive {C}onstructions)}}, 
  volume = {XXV},
  series = {EATCS Texts in Theoretical Computer Science},
  publisher = {Springer-Verlag}, 
  year = {2004},
}

@article{Church32,
  key = "Church 1932",
  author = "A. Church",
  title = "A set of postulates for the foundation of logic",
  journal = {Annals of Mathematics},
  volume = 33,
  year = 1932,
  pages = "346-366"
}

@InCollection{Coquand91,
  author = 	 {Thierry Coquand},
  title = 	 {An algorithm for testing conversion in type theory},
  booktitle = 	 {Logical Frameworks},
  pages = 	 {255-279},
  publisher = {Cambridge University Press},
  year = 	 1991,
  editor = 	 {G{\'e}rard Huet and Gordon Plotkin}}

@inproceedings{cCoquand93,
  author    = {Catarina Coquand},
  title     = {{From Semantics to Rules: A Machine Assisted Analysis}},
  booktitle = {CSL '93},
  pages     = {91-105},
  publisher = {Springer},
  series    = {Lecture Notes in Computer Science},
  volume    = {832},
  year      = {1993},
}

@article{cCoquand02,
  author    = {Catarina Coquand},
  title     = {A Formalised Proof of the Soundness and Completeness of
               a Simply Typed Lambda-Calculus with Explicit Substitutions},
  journal   = {Higher-Order and Symbolic Computation},
  volume    = {15},
  number    = {1},
  year      = {2002},
  pages     = {57-90},
}

@inproceedings{CurienH00,
  author    = {Pierre-Louis Curien and
               Hugo Herbelin},
  title     = {The duality of computation},
  booktitle = {ICFP},
  year      = {2000},
  pages     = {233-243},
}

 @incollection{DanJoiSch95,
   author      = {Vincent Danos and Jean-Baptiste Joinet and Harold Schellinx},
   title       = {{LKQ} and {LKT}: sequent calculi for second order logic 
                  based upon dual linear decompositions of the
                  classical implication},
   booktitle   = {Advances in Linear Logic},
   editors     = {J-Y. Girard and Y. Lafont and L. Regnier},
   collection  = {London Mathematical Society Lecture Notes},
   volume      = 222,
   pages       = {211-224},
   publisher   = {Cambridge University Press},
   year        = 1995,
 }
 
@techreport{automath,
  author = {Nicolass G. de Bruijn},
  title = {{AUTOMATH}, a language for mathematics},
  type = {Technical {R}eport 68-{WSK}-05, {T}.{H}.-{R}eports},
  institution = {Einhoven University of Technology},
  year = {1968},
}

@Book{curryfeys,
  author = 	 {Haskell B.~Curry and Robert Feys},
  title = 	 {Combinatory Logic, Vol. I},
  publisher = 	 {North Holland, Amsterdam},
  year = 	 1958,
}

@article{deBruijn,
  author = {Nicolass G. de Bruijn},
  title = {Lambda calculus notation with nameless dummies, a tool for automatic formula manipulation, with application to the {C}hurch-{R}osser theorem},
  journal = {Indagationes Mathematicae}, 
  volume = {34},
  number = {5},
  pages = {381--392}, 
  year = {1972},
}

@InCollection{feferman89,
  author = 	 {Solomon Feferman},
  title = 	 {Finitary inductively presented logics},
  booktitle = 	 {Logic Colloquium '88},
  pages = 	 {191-220},
  publisher = {North-Holland},
  year = 	 1989,
  editor = 	 {R.~Ferro et al.},
  volume = 	 127,
  series = 	 {Studies in Logic and the Foundations of Mathematics}}

@inproceedings{Gacek08,
  author    = {Andrew Gacek},
  title     = {The Abella Interactive Theorem Prover (System Description)},
  booktitle = {IJCAR},
  year      = {2008},
  pages     = {154-161},
  publisher = {Springer},
  series    = {Lecture Notes in Computer Science},
  volume    = {5195},
}

@PhDThesis{GeuversPhD,
  author      = {Herman Geuvers},
  title       = {{Logics and Type Systems}},
  school      = {University of Nijmegen},
  type        = {{Ph.D.} thesis},
  month       = {Sep.},
  year        = {1993},
}

 @article{Girard87,
   author      = {Jean-Yves Girard},
   title       = {Linear Logic},
   journal     = tcs,
   volume      = {50},
   year        = {1987},
   pages       = {1-102},
   bibsource   = {DBLP, http://dblp.uni-trier.de}
 }
 
@inproceedings{Gordon94,
  author    = {Andrew D. Gordon},
  title     = {A Mechanisation of Name-Carrying Syntax up to Alpha-Conversion},
  booktitle = {HUG '93},
  pages     = {413-425},
  editor    = {Jeffrey J. Joyce and
               Carl-Johan H. Seger},
  publisher = {Springer},
  series    = {Lecture Notes in Computer Science},
  volume    = 780,
  year      = 1994,
}


@inproceedings{GordonMelham,
  author    = {Andrew D. Gordon and
               Thomas F. Melham},
  title     = {Five Axioms of Alpha-Conversion},
  booktitle = {TPHOLs},
  pages     = {173-190},
  publisher = {Springer},
  series    = {Lecture Notes in Computer Science},
  volume    = {1125},
  year      = {1996},
}

@article {framework,
    AUTHOR = {Harper, Robert and Honsell, Furio and Plotkin, Gordon},
     TITLE = {A framework for defining logics},
   JOURNAL = {J. Assoc. Comput. Mach.},
  FJOURNAL = {Journal of the Association for Computing Machinery},
    VOLUME = {40},
      YEAR = {1993},
    NUMBER = {1},
     PAGES = {143--184},
      ISSN = {0004-5411},
}

@article{HarperLicata,
  author    = {Robert Harper and
               Daniel R. Licata},
  title     = {Mechanizing metatheory in a logical framework},
  journal   = {J. Funct. Program.},
  volume    = {17},
  number    = {4-5},
  year      = {2007},
  pages     = {613-673},
}

@inproceedings{Herbelin94,
  author    = {Hugo Herbelin},
  title     = {{A Lambda-Calculus Structure Isomorphic to Gentzen-Style
               Sequent Calculus Structure}},
  booktitle = {CSL '94},
  year      = {1994},
  pages     = {61-75},
  publisher = {Springer},
  series    = {Lecture Notes in Computer Science},
  volume    = {933},
}

@PhDThesis{HerbelinPhD,
  author      = {Hugo Herbelin},
  title       = {S\'equents qu'on calcule: de
                 l'interpr\'etation du calcul des
                 s\'equents comme calcul de $\lambda$-termes et
                comme calcul de strat\'egies gagnantes},
  school      = {Universit\'e Paris 7},
  type        = {{Ph.D.} thesis},
  month       = {Jan.},
  year        = {1995},
}

@PhDThesis{HerbelinHabilitation,
  author      = {Hugo Herbelin},
  title       = {C'est maintenant qu'on calcule: au coeur de la dualit{\'e}},
  school      = {University Paris 11},
  type        = {Habilitation thesis},
  month       = {Dec.},
  year        = {2005},
}

@inproceedings{wollic09,
  author    = {Hugo Herbelin and
               Gyesik Lee},
  title     = {{Forcing-Based Cut-Elimination for Gentzen-Style Intuitionistic
               Sequent Calculus}},
  booktitle = {WoLLIC},
  year      = {2009},
  pages     = {209-217},
  editor    = {Hiroakira Ono and
               Makoto Kanazawa and
               Ruy J. G. B. de Queiroz},
  publisher = {Springer},
  series    = {Lecture Notes in Computer Science},
  volume    = {5514},
}

@Manual{gslee-formalisation,
  title = 	 {Mechnaised proof of the completeness of the intuitionistic first-order predicate logic with respect to the Kripke semantics},
  author = 	 {Hugo Herbelin and Gyesik Lee},
  address = 	 {\url{http://ropas.snu.ac.kr/~gslee/Publi/Kripke.zip}}
}

@article{danko-gyesik,
  author    = {Danko Ilik and
               Gyesik Lee and
               Hugo Herbelin},
  title     = {Kripke models for classical logic},
  journal   = {Ann. Pure Appl. Logic},
  volume    = {161},
  number    = {11},
  year      = {2010},
  pages     = {1367-1378},
}
                  
@Manual{isabelle-doc,
  title = 	 {{The Isabelle/Isar Reference Manual}},
  author = 	 {Makarius Wenzel},
  address = 	 {Available at \url{http://isabelle.in.tum.de/index.html}}
}

@article{Kreisel62,
  author    = {Georg Kreisel},
  title     = {{On Weak Completeness of Intuitionistic Predicate Logic}},
  journal   = {J. Symb. Log.},
  volume    = {27},
  number    = {2},
  year      = {1962},
  pages     = {139-158},
}

@Misc{nested,
  author = 	 {Andr{'e} Hirschowitz and Marco Maggesi},
  title = 	 {{Nested Datatypes in the Coq proof assistant}},
  year = 	 2007,
  note = 	 {Contribution to POPLmark challenge, \url{http://web.math.unifi.it/users/maggesi/mechanized/fsub/}}
}

@article{kripke59,
  author    = {Saul Kripke},
  title     = {{A Completeness Theorem in Modal Logic}},
  journal   = {J. Symb. Log.},
  volume    = {24},
  number    = {1},
  year      = {1959},
  pages     = {1--14},
}

@article{kripke63,
  author    = {Saul Kripke},
  title     = {{Semantical considerations on modal and intuitionistic logic}},
  journal   = {Acta Philos. Fennica},
  volume    = {16},
  year      = {1963},
  pages     = {83--94},
}

@book {krivine:lambda,
    AUTHOR = {Krivine, Jean-Louis},
     TITLE = {Lambda-calcul},
    SERIES = {\'Etudes et Recherches en Informatique. [Studies and Research
              in Computer Science]},
      NOTE = {Types et mod{\`e}les. [Types and models]},
 PUBLISHER = {Masson},
   ADDRESS = {Paris},
      YEAR = {1990},
     PAGES = {viii+176},
}

@Unpublished{realizable,
  author = 	 {Jean-Louis Krivine},
  title = 	 {Realizability in classical logic},
  note = 	 {\url{http://www.pps.jussieu.fr/~krivine/}},
  year = 	 2005}


@inProceedings{MartinLof75,
  author      = {Per Martin-Löf},
  title       = {An Intuitionistic Theory of Types, Predicative Part},
  booktitle   = "Logic Colloquium",
  editors     = {H.E. Rose and J.C. Shepherdson},
  publisher   = "North Holland",
  year        = {1975},
  pages       = "73-118"
}

@TechReport{leroy-nameless,
  author = 	 {Xavier Leroy},
  title = 	 {A locally nameless solution to the POPLmark challenge},
  institution =  {INRIA},
  year = 	 2007,
  number = 	 6098,
  month = 	 {January}}

@PhdThesis{mcbride:thesis,
  author = 	 "Conor McBride",
  title = 	 "Dependently {T}yped {F}unctional {P}rograms and their {P}roofs",
  school = 	 "University of Edinburgh",
  year = 	 1999, 
}

@inproceedings{mcpol93,
  author    = {James McKinna and Robert Pollack},
  title     = {Pure Type Systems Formalized},
  booktitle = {TLCA},
  year      = {1993},
  pages     = {289-305},
}

@article{mcpol99,
  author = {James McKinna and Robert Pollack},
  title = {Some lambda calculus and type theory formalized},
  journal ={Journal of Automated Reasoning}, 
  volume = {23},
  number = {3-4},
  pages = {373--409},
  year = {1999},
} 

@article{Momigliano08,
  author    = {Alberto Momigliano and
               Alan J. Martin and
               Amy P. Felty},
  title     = {Two-Level Hybrid: A System for Reasoning Using Higher-Order
               Abstract Syntax},
  journal   = {Electr. Notes Theor. Comput. Sci.},
  volume    = {196},
  year      = {2008},
  pages     = {85-93},
}

@inproceedings{oconnor,
  author    = {Russell O'Connor},
  title     = {{Essential Incompleteness of Arithmetic Verified by Coq}},
  booktitle = {TPHOLs},
  year      = {2005},
  pages     = {245-260},
}

 @article{Okada02,
   author      = {Mitsuhiro Okada},
   title       = {A uniform semantic proof for cut-elimination and completeness
                  of various first and higher order logics},
   journal     = {Theor. Comput. Sci.},
   volume      = {281},
   number      = {1-2},
   year        = {2002},
   issn        = {0304-3975},
   pages       = {471--498},
   doi         = {http://dx.doi.org/10.1016/S0304-3975(02)00024-5},
   publisher   = {Elsevier Science Publishers Ltd.},
   address     = {Essex, UK},
 }
 
 @inProceedings{Parigot92,
   author      = "Michel Parigot",
   title       = "Lambda-mu-calculus: An algorithmic interpretation of classical natural deduction",
   booktitle   = "Logic Programming and Automated Reasoning:
                International Conference LPAR '92 Proceedings, St. Petersburg,
 Russia",
   publisher   = "Springer-Verlag",
   pages       = "190-201",
   year        = "1992"
 }
 
@inproceedings{hoas,
  author = {Frank Pfenning and Conal Elliot},
  title = {Higher-order abstract syntax},
  booktitle = {PLDI ’88: Proceedings of the ACM SIGPLAN 1988 Conference on Programming Language Design and Implementation},
  pages = {199--208},
  publisher = {ACM Press}, 
  year = {1988},
} 

@inproceedings{Pfenning99,
  author    = {Frank Pfenning and
               Carsten Sch{\"u}rmann},
  title     = {System Description: Twelf - A Meta-Logical Framework for
               Deductive Systems},
  booktitle = {CADE},
  year      = {1999},
  pages     = {202-206},
  publisher = {Springer},
  series    = {Lecture Notes in Computer Science},
  volume    = {1632},
}

@article{nominal,
  author    = {Andrew M. Pitts},
  title     = {Nominal logic, a first order theory of names and binding},
  journal   = {Inf. Comput.},
  volume    = {186},
  number    = {2},
  year      = {2003},
  pages     = {165-193},
}

@PhdThesis{pollack-thesis,
  author = 	 {Robert Pollack},
  title = 	 {{The Theory of LEGO: A Proof Checker for the Extended Calculus of Constructions}},
  school = 	 {Univ. of Edinburgh},
  year = 	 1994}


@article{sapol,
  author    = {Masahiko Sato and
               Randy Pollack},
  title     = {External and internal syntax of the lambda-calculus},
  journal   = {J. Symb. Comput.},
  volume    = {45},
  number    = {5},
  year      = {2010},
  pages     = {598-616},
}

@article {polsari,
   author = {Pollack, Randy and Sato, Masahiko and Ricciotti, Wilmer},
   title = {A Canonical Locally Named Representation of Binding},
   journal = {Journal of Automated Reasoning},
   publisher = {Springer Netherlands},
   issn = {0168-7433},
   pages = {1-23},
   url = {http://dx.doi.org/10.1007/s10817-011-9229-y},
   note = {10.1007/s10817-011-9229-y},

}
                  
@Book{shoenfield,
  author = 	 {Joseph R.~Shoenfield},
  title = 	 {{Mathematical Logic}},
  publisher = 	 {Addison-Wesley},
  year = 	 1967}

@book{Schutte,
	author = "Kurt Schutte",
	title = "Proof Theory",
	publisher = "Springer-Verlag",
	address = "New York, NY",
	year = "1977" }

@article{Stoughton88,
  author    = {Allen Stoughton},
  title     = {Substitution Revisited},
  journal   = {Theor. Comput. Sci.},
  volume    = {59},
  year      = {1988},
  pages     = {317-325},
}

@book{TroelstraVanDalen88-1,
  author = {Anne S. Troelstra and Dirk van Dalen},
  title = {{Constructivism in Mathematics Volume I}},
  series = {Studies in Logic and the Foundations of Mathematics}, 
  volume = 121, 
  publisher = {North-Holland}, 
  year = 1988,
}

@book{TroelstraVanDalen88-2,
  author = {Anne S. Troelstra and Dirk van Dalen},
  title = {{Constructivism in Mathematics Volume II}},
  series = {Studies in Logic and the Foundations of Mathematics}, 
  volume = {123}, 
  publisher = {North-Holland}, 
  year = 1988,
}

@book{TroelstraVanDalen88,
  author = {Anne S. Troelstra and Dirk van Dalen},
  title = {{Constructivism in Mathematics: An Introduction I and II}},
  series = {Studies in Logic and the Foundations of Mathematics}, 
  volume = {121, 123}, 
  publisher = {North-Holland}, 
  year = 1988,
}

@article{nominalT,
  author    = {Christian Urban},
  title     = {Nominal Techniques in Isabelle/HOL},
  journal   = {J. Autom. Reasoning},
  volume    = {40},
  number    = {4},
  year      = {2008},
  pages     = {327-356},
}

@article{Veldman76,
  author    = {Wim Veldman},
  title     = {An Intuitionistic Completeness Theorem for Intuitionistic
               Predicate Logic},
  journal   = {J. Symb. Log.},
  volume    = {41},
  number    = {1},
  year      = {1976},
  pages     = {159-166},
}

@unpublished{VouillonPOPLmark,
  author    = "J\'er\^ome Vouillon",
  title     = "A solution to the POPLmark challenge using de Bruijn indices",
  note      = "Available on the POPLmark web site"
}

